@inproceedings{taneski2014password,
  author    = {Taneski, Viktor and Heričko, Marjan and Brumen, Boštjan},
  booktitle = {2014 37th International Convention on Information and Communication Technology, Electronics and Microelectronics (MIPRO)},
  title     = {Password security — No change in 35 years?},
  year      = {2014},
  volume    = {},
  number    = {},
  pages     = {1360-1365},
  keywords  = {Authentication;Computers;Databases;Libraries;Information systems;Human factors},
  doi       = {10.1109/MIPRO.2014.6859779}
}

@article{zviran1999password,
  author    = {Moshe Zviran and William J. Haga},
  title     = {Password Security: An Empirical Study},
  journal   = {Journal of Management Information Systems},
  volume    = {15},
  number    = {4},
  pages     = {161--185},
  year      = {1999},
  publisher = {Routledge},
  doi       = {10.1080/07421222.1999.11518226},
  url       = {https://doi.org/10.1080/07421222.1999.11518226},
  eprint    = {https://doi.org/10.1080/07421222.1999.11518226}
}

@inproceedings{Jarecki2018opaque,
  title     = {OPAQUE: An Asymmetric PAKE Protocol Secure Against Pre-computation Attacks},
  booktitle = {EUROCRYPT (3)},
  publisher = {Springer},
  pages     = {456-486},
  doi       = {10.1007/978-3-319-78372-7_15},
  author    = {Stanislaw Jarecki and Hugo Krawczyk and Jiayu Xu},
  year      = 2018
}

@inproceedings{wu1998srp,
  title        = {The Secure Remote Password Protocol.},
  author       = {Wu, Thomas D and others},
  booktitle    = {NDSS},
  volume       = {98},
  number       = {97},
  pages        = {111},
  year         = {1998},
  organization = {Citeseer}
}